<?xml version="1.0" encoding="UTF-8"?><collection xmlns="http://www.loc.gov/MARC21/slim"><record><leader>00500nam--2200133-i-4500</leader><controlfield tag="001">000039620</controlfield><controlfield tag="002">20161230</controlfield><controlfield tag="005">20161230201042</controlfield><controlfield tag="008">060222s1000------------r-----000-0-eng-d</controlfield><datafield ind1=" " ind2=" " tag="080"><subfield code="a">621.039.5(043):341(043)</subfield></datafield><datafield ind1=" " ind2=" " tag="100"><subfield code="a">Rosescu, Teodor</subfield></datafield><datafield ind1=" " ind2=" " tag="245"><subfield code="a">Utilizarea metodelor matematice la optimizarea sistemelor de control al materialelor si instalatiilor nucleare. rez.al tezei de doctorat</subfield></datafield><datafield ind1=" " ind2=" " tag="260"><subfield code="a">Bucuresti, Comitetul De Stat Pentru Energia Nucleara, Inst.De Fizica Atomica, 1973, 84p</subfield></datafield><datafield ind1=" " ind2=" " tag="852"><subfield code="a">43490</subfield></datafield></record></collection>